<?xml version="1.0" encoding="UTF-8"?><collection><record><leader>02985ntm a2200445 a 4500</leader><controlfield tag="001">002583109</controlfield><controlfield tag="003">MiAaHDL</controlfield><controlfield tag="005">20190719000000.0</controlfield><controlfield tag="006">m        d        </controlfield><controlfield tag="007">cr bn ---auaua</controlfield><controlfield tag="008">921209q17361809xx            00||  ara d</controlfield><datafield tag="035" ind1=" " ind2=" "><subfield code="a">(MiU)002583109</subfield></datafield><datafield tag="035" ind1=" " ind2=" "><subfield code="a">sdr-miu002583109</subfield></datafield><datafield tag="035" ind1=" " ind2=" "><subfield code="a">(OCoLC)34365510</subfield></datafield><datafield tag="035" ind1=" " ind2=" "><subfield code="a">(RLIN)MIUH92-A58</subfield></datafield><datafield tag="040" ind1=" " ind2=" "><subfield code="a">MiU</subfield><subfield code="c">MiU</subfield><subfield code="e">appm</subfield><subfield code="d">MiU</subfield></datafield><datafield tag="100" ind1="1" ind2=" "><subfield code="6">880-01</subfield><subfield code="a">Lādhiqī, Shams al-Dīn Muḥammad ibn Muḥammad,</subfield><subfield code="d">16th cent.?</subfield></datafield><datafield tag="245" ind1="1" ind2="0"><subfield code="6">880-02</subfield><subfield code="a">Natījat al-afkār fī aʻmāl al-layl wa-al-nahār :</subfield><subfield code="k">manuscript,</subfield><subfield code="f">[between 1736 and 1809?</subfield></datafield><datafield tag="300" ind1=" " ind2=" "><subfield code="a">1</subfield><subfield code="f">v. ([31] p.) :</subfield><subfield code="b">ill. ;</subfield><subfield code="c">26 cm.</subfield></datafield><datafield tag="500" ind1=" " ind2=" "><subfield code="a">Watermark: Andrea Galvani of Pordenone. See Edward Heawood, Watermarks, Mainly of the 17th and 18th Centuries (Hilversum, 1950), p. 35 and no. 860.</subfield></datafield><datafield tag="500" ind1=" " ind2=" "><subfield code="a">Contains astronomical tables and diagrams.</subfield></datafield><datafield tag="500" ind1=" " ind2=" "><subfield code="a">Text and tables rubricated; marginal corrections in hand of copyist.</subfield></datafield><datafield tag="500" ind1=" " ind2=" "><subfield code="a">Date based on scope of tables.</subfield></datafield><datafield tag="500" ind1=" " ind2=" "><subfield code="a">For a later (?) copy of this work see Mich. Isl. Ms. 735.</subfield></datafield><datafield tag="500" ind1=" " ind2=" "><subfield code="a">Text (not this copy) published.</subfield></datafield><datafield tag="510" ind1="4" ind2=" "><subfield code="a">GAL,</subfield><subfield code="c">Suppl. II, p. 1023; King, Survey, p. 91.</subfield></datafield><datafield tag="520" ind1="8" ind2=" "><subfield code="a">Includes tables for Islamic years 1149 [1736 or 7] to 1224 [1809 or 10], which is the basis for the 18th-cent. date assigned to this item. This copy does not contain the star catalog mentioned by King. Pp. [29-31] are about the seven climes and about world geography relative to the qiblah.</subfield></datafield><datafield tag="520" ind1=" " ind2=" "><subfield code="a">"Prayer-tables for Cairo taken from the main corpus [compiled by Ibn Yūnus] ... preceded by a short introduction in 8 or 10 faṣls, simple calendrical tables, and a solar longitude table, and followed by a star catalog." David A. King, A Survey of the Scientific Manuscripts in the Egyptian National Library (Winona Lake, 1986), p. 91.</subfield></datafield><datafield tag="538" ind1=" " ind2=" "><subfield code="a">Mode of access: Internet.</subfield></datafield><datafield tag="541" ind1=" " ind2=" "><subfield code="d">07/--/36</subfield><subfield code="3">Manuscript</subfield><subfield code="a">McGregor Fund</subfield><subfield code="c">Purchase, 1933/34</subfield></datafield><datafield tag="545" ind1=" " ind2=" "><subfield code="a">Egyptian astronomer.</subfield></datafield><datafield tag="561" ind1=" " ind2=" "><subfield code="a">Purchased in Cairo, 1933/34. Owner's mark: inside cover and on p. [1], manuscript notes in handwriting of Max Meyerhof and Louis Charles Karpinski.</subfield></datafield><datafield tag="650" ind1=" " ind2="0"><subfield code="a">Astronomy, Arab</subfield><subfield code="y">Early works to 1800.</subfield></datafield><datafield tag="650" ind1=" " ind2="0"><subfield code="a">Manuscripts, Arabic</subfield><subfield code="z">Michigan</subfield><subfield code="z">Ann Arbor.</subfield></datafield><datafield tag="700" ind1="1" ind2="0"><subfield code="6">880-03</subfield><subfield code="a">Lādhiqī, Shams al-Dīn Muḥammad ibn Muḥammad,</subfield><subfield code="d">16th cent.?</subfield><subfield code="t">Bughyat al-nafs fī ḥall al-shams.</subfield></datafield><datafield tag="700" ind1="1" ind2=" "><subfield code="a">Karpinski, Louis Charles,</subfield><subfield code="d">1878-1956,</subfield><subfield code="e">former owner.</subfield></datafield><datafield tag="700" ind1="1" ind2=" "><subfield code="a">Meyerhof, Max,</subfield><subfield code="d">1874-1945,</subfield><subfield code="e">former owner.</subfield></datafield><datafield tag="773" ind1="0" ind2=" "><subfield code="7">unbc</subfield><subfield code="a">Tracy W. McGregor Collection of Arabic, Persian, and Turkish Mathematical and Astronomical Manuscripts.</subfield><subfield code="w">(CStRLIN)MIUH92-A20.</subfield></datafield><datafield tag="880" ind1="0" ind2="0"><subfield code="6">700-03/</subfield><subfield code="a">شمس الدين محمد بن محمد اللاذقي.</subfield><subfield code="t">بغية النفس في حل الشمس.</subfield></datafield><datafield tag="880" ind1="1" ind2="0"><subfield code="6">245-02/</subfield><subfield code="a">نتيجة الأفكار في أعمال الليل والنهار :</subfield><subfield code="k">manuscript،</subfield><subfield code="f">[between 1736 and 1809?]</subfield></datafield><datafield tag="880" ind1="0" ind2=" "><subfield code="6">100-01/</subfield><subfield code="a">شمس الدين محمد بن محمد اللاذقي.</subfield></datafield><datafield tag="CID" ind1=" " ind2=" "><subfield code="a">002583109</subfield></datafield><datafield tag="DAT" ind1="0" ind2=" "><subfield code="a">20190719102632.0</subfield><subfield code="b">20190719000000.0</subfield></datafield><datafield tag="DAT" ind1="1" ind2=" "><subfield code="a">20190719090653.0</subfield><subfield code="b">2019-07-19T16:10:33Z</subfield></datafield><datafield tag="DAT" ind1="2" ind2=" "><subfield code="a">2015-10-10T18:00:06Z</subfield></datafield><datafield tag="CAT" ind1=" " ind2=" "><subfield code="a">SDR-MIU</subfield><subfield code="d">EX LIBRIS - ALEPH</subfield><subfield code="l">prepare.pl-004-008</subfield></datafield><datafield tag="FMT" ind1=" " ind2=" "><subfield code="a">BK</subfield></datafield><datafield tag="HOL" ind1=" " ind2=" "><subfield code="0">sdr-miu002583109</subfield><subfield code="a">MiU</subfield><subfield code="b">SDR</subfield><subfield code="c">MIU</subfield><subfield code="p">mdp.39015081446851</subfield><subfield code="s">MIU</subfield><subfield code="1">002583109</subfield></datafield><datafield tag="974" ind1=" " ind2=" "><subfield code="b">MIU</subfield><subfield code="c">MIU</subfield><subfield code="d">20190719</subfield><subfield code="s">lit-dlps-dc</subfield><subfield code="u">mdp.39015081446851</subfield><subfield code="y">1809</subfield><subfield code="r">pd</subfield><subfield code="q">bib</subfield><subfield code="t">non-US bib date2 &lt; 1896</subfield></datafield></record></collection>